
@article{shannon_communication_1949,
	title = {Communication in the Presence of Noise},
	volume = {37},
	rights = {https://ieeexplore.ieee.org/Xplorehelp/downloads/license-information/{IEEE}.html},
	issn = {0096-8390},
	url = {http://ieeexplore.ieee.org/document/1697831/},
	doi = {10.1109/JRPROC.1949.232969},
	pages = {10--21},
	number = {1},
	journaltitle = {Proceedings of the {IRE}},
	shortjournal = {Proc. {IRE}},
	author = {Shannon, C.E.},
	urldate = {2024-11-29},
	date = {1949-01},
}

@article{nyquist_certain_1928,
	title = {Certain Topics in Telegraph Transmission Theory},
	volume = {47},
	rights = {https://ieeexplore.ieee.org/Xplorehelp/downloads/license-information/{IEEE}.html},
	issn = {0096-3860},
	url = {http://ieeexplore.ieee.org/document/5055024/},
	doi = {10.1109/T-AIEE.1928.5055024},
	pages = {617--644},
	number = {2},
	journaltitle = {Transactions of the American Institute of Electrical Engineers},
	shortjournal = {Trans. Am. Inst. Electr. Eng.},
	author = {Nyquist, H.},
	urldate = {2024-11-29},
	date = {1928-04},
}

@article{kotelnikov_transmission_2006,
	title = {On the transmission capacity of 'ether' and wire in electric communications},
	volume = {176},
	issn = {0042-1294, 1996-6652},
	url = {http://ufn.ru/ru/articles/2006/7/h/},
	doi = {10.3367/UFNr.0176.200607h.0762},
	pages = {762},
	number = {7},
	journaltitle = {Uspekhi Fizicheskih Nauk},
	shortjournal = {Uspekhi Fizicheskikh Nauk},
	author = {Kotel'nikov, V.A.},
	urldate = {2024-11-29},
	date = {2006},
	langid = {russian},
}